@book{danaila2007introduction,
  title={An introduction to scientific computing: Twelve computational projects solved with MATLAB},
  author={Danaila, Ionut and Joly, Pascal and Kaber, Sidi Mahmoud and Postel, Marie},
  year={2007},
  publisher={Springer}
}